@Article{VolumeGraphics,
  author =       "Arie Kaufman and Daniel Cohen and Ronie Yagel",
  title =        "Volume Graphics",
  publisher =    "IEEE Computer",
  volume = 	{26},
  number = {7},
  pages = {51-64},
  year =         "1993",
  month = "July",
}

@Article{RayTracing,
author = {Ronie Yagel and Arie Kaufman and Daniel Cohen},
title = {Discrete ray tracing},
publisher = {Computer Graphics and Applications, IEEE },
volume = {12},
issue = {5},
pages = {19 - 28},
year = {1992}, 
}


@PhdThesis{Winter,
author = {Andrew Steven Winter BSc.},
title = {Field-Based Modelling and Rendering},
school = {University of Wales},
year = {2002},
month = {December},
}

@MastersThesis{Tomas,
author = {Tomáš Palkovič},
title = {Web Rozhranie Pre Voxelizáciu Geometrických Dát},
school = {Univerzita Komenského v Bratislave Fakulta matematiky, fyziky a informatiky},
year = {2008},
type = {Bakalárska práca},
}


@Article{VoxelGames,
author = {MobyGames},
title = {http://www.mobygames.com/game-group/visual-technique-style-voxel-graphics/},
howpublished = {Dostupné na internete},
year = {1999-2013},
}

@Article{Voxlap,
author = {Ken Silverman and Tom Dobrowolski},
title = {http://advsys.net/ken/voxlap.htm},
howpublished = {Dostupné na internete},
year = {2000-2006},
}

@Article{Sculpting,
author = {Andrew Shpagin},
title = {http://3d-coat.com/voxel-sculpting/},
howpublished = {Dostupné na internete},
year = {2011},
}

@Article{OpenGL,
author = {The Khronos Group},
title = {www.opengl.org/about/},
howpublished = {Dostupné na internete},
year = {2013},
}

@Article{DisplayList,
author = {Song Ho Ahn},
title = {www.songho.ca/opengl/gl\_displaylist.html},
year = {2008},
}

@Article{Voxelization,
author = {George Passalis and George Toderici and Theoharis Theoharis and Ioannis A. Kakadiaris},
title = {General voxelization algorithm with scalable GPU implementation},
year = {2006},
month = {Marec},
school = {Department of Informatics and Telecommunications, University of Athens and Computational Biomedicine Lab, University of Houston},
}

@Article{BufferVox,
author = {E.A. Karabassi, G. Papaioannou, and T. Theoharis},
title = {A fast depth-buffer-based voxelization algorithm.},
publisher = {ACM Journal of Graphics Tools},
volume = {4},
pages = {5–10},
year = {1999},
}

@Article{RealTime,
author = {Klaus Engel and Markus Hadwiger and Christof Rezk Salama},
title = {Real-Time Volume Graphics},
year = {2006},
school = {University of Siegen, Germany},
}

@Article{Rotate,
author = {Michel Leunen},
title = {Rotating a Bitmap www.leunen.com/cbuilder/rotbmp.html},
year = {2003},
}

@Article{binvox,
author = {Eric Haines and Qingnan Zhou and Patrick Min},
title = {Binvox 3D mesh voxelizer http://www.cs.princeton.edu/~min/binvox/},
year = {2012},
month = {November},
}

@Article{viewvox,
author = {Patrick Min},
title = {Viewvox 3D voxel model viewer http://www.cs.princeton.edu/~min/viewvox/},
year = {2012},
month = {November},
}

@Article{paint3d,
author = {Atomic Corporation},
title = {Paint3D http://www.paint3d.net/},
year = {2010},
}

@Article{voxel3d,
author = {Everygraph},
title = {Voxel3D http://www.everygraph.com/voxel3d/},
year = {2008},
month = {November},
}

@Article{dotGame,
author = {Include},
title = {3D Dot Game Hero Editor http://designer.3ddotgameheroes.eu/},
year = {2009},
}

@Article{zoxel,
author = {Graham King},
title = {Zoxel http://zoxel.blogspot.sk/},
year = {2013},
month = {Apríl},
}

@Article{sproxel,
author = {Alexey Volynskov and Andrw Gardner},
title = {Sproxel https://code.google.com/p/sproxel/},
year = {2012},
month = {Október},
}

@Article{qubicle,
author = {Minddesk},
title = {Qubicle http://www.minddesk.com/},
year = {2005-2013},
month = {Október},
}

@Article{pugixml,
author = {Arseny Kapoulkine},
title = {pugixml http://pugixml.org/},
year = {2012},
month = {Máj},
}

@Article{devil,
author = {Denton Woods and Nicolas Weber and Meloni Dario},
title = {DevIL http://openil.sourceforge.net/},
year = {2010},
month = {Jún},
}

@Article{assimp,
author = {Alexander Gessler and Thomas Schulze and Kim Kulling and David Nadlinger},
title = {Assimp http://assimp.sourceforge.net/},
year = {2012},
month = {Júl},
}

@Article{mvs,
author = {Microsoft},
title = {Microsoft Visual Studio 2012 http://www.microsoft.com/visualstudio/},
year = {2013},
}

@Article{glut,
author = {The Khronos Group},
title = {GLUT http://www.opengl.org/resources/libraries/glut/},
year = {1996},
}

@Article{fraps,
author = {Beepa Pty},
title = {Fraps http://www.fraps.com/},
year = {2013},
}

