@article{FunctionalBoxplot,
	author={Ying Sun and Marc G. Genton},
	doi = {10.1198/jcgs.2011.09224},
	issn = {1061-8600},
	journal = {Journal of Computational and Graphical Statistics},
	keywords = {line, outlier, panel\_data, space\_time, visualization},
	month = "Jún",
	number = {2},
	pages = {316--334},
	posted-at = {2011-12-08 20:46:52},
	priority = {0},
	title = {{Functional Boxplots}},
	url = {http://dx.doi.org/10.1198/jcgs.2011.09224},
	volume = {20},
	year = {2011}
}

@article{BandDepth,
	author = {López-Pintado, Sara and Romo, Juan},
	title = {On the Concept of Depth for Functional Data},
	journal = {Journal of the American Statistical Association},
	volume = {104},
	number = {486},
	pages = {718-734},
	year = {2009},
	
}


@article{Liu,
	author = "Liu, Regina Y. and Parelius, Jesse M. and Singh, Kesar",
	doi = "10.1214/aos/1018031260",
	fjournal = "The Annals of Statistics",
	journal = "Ann. Statist.",
	month = "06",
	number = "3",
	pages = "783--858",
	publisher = "The Institute of Mathematical Statistics",
	title = {{Multivariate analysis by data depth: descriptive statistics,
	graphics and inference, (with discussion and a rejoinder by Liu and
	Singh)}},
	url = "http://dx.doi.org/10.1214/aos/1018031260",
	volume = "27",
	year = "1999"
}


@article{Viegas,
 author = {Viegas, Fernanda B. and Wattenberg, Martin and van Ham, Frank and Kriss, Jesse and McKeon, Matt},
 title = {ManyEyes: A Site for Visualization at Internet Scale},
 journal = {IEEE Transactions on Visualization and Computer Graphics},
 issue_date = {November 2007},
 volume = {13},
 number = {6},
 month = nov,
 year = {2007},
 issn = {1077-2626},
 pages = {1121--1128},
 numpages = {8},
 url = {http://dx.doi.org/10.1109/TVCG.2007.70577},
 doi = {10.1109/TVCG.2007.70577},
 acmid = {1313138},
 publisher = {IEEE Educational Activities Department},
 address = {Piscataway, NJ, USA},
 keywords = {Communication-Minded Visualization., Social Data Analysis, Social Software, Visualization, Visualization, World Wide Web, Social Software, Social Data Analysis, Communication-Minded Visualization., World Wide Web},
} 

@inproceedings{Saito,
	author = {Saito, Takafumi and Miyamura, Hiroko Nakamura and Yamamoto, Mitsuyoshi and Saito, Hiroki and Hoshiya, Yuka and Kaseda, Takumi},
	title = {Two-Tone Pseudo Coloring: Compact Visualization for One-Dimensional Data},
	booktitle = {Proceedings of the Proceedings of the 2005 IEEE Symposium on Information Visualization},
	series = {INFOVIS '05},
	year = {2005},
	isbn = {0-7803-9464-x},
	pages = {23--},
	url = {http://dx.doi.org/10.1109/INFOVIS.2005.35},
	doi = {10.1109/INFOVIS.2005.35},
	acmid = {1106589},
	publisher = {IEEE Computer Society},
	address = {Washington, DC, USA},
	keywords = {pseudo color, overview, detail, focus+context, data density},
} 

@book {TimeOrientedData,
	title = {Visualization of Time-Oriented Data},
	series = {Human-Computer Interaction},
	year = {2011},
	pages = {286},
	publisher = {Springer Verlag},
	organization = {Springer Verlag},
	edition = {1st},
	location = {London, UK},
	keywords = {Analysis, Computer-Generated Visual Representations, Human-computer Interaction, Time-Oriented Data, User, Visual analytics, Visualization},
	isbn = {978-0-85729-078-6},
	doi = {10.1007/978-0-85729-079-3},
	url = {http://www.timeviz.net},
	author = {Aigner, Wolfgang and Miksch, Silvia and Schuman, Heidrun and Tominski, C.}
}

@inproceedings{Bade,
 author = {Bade, Ragnar and Schlechtweg, Stefan and Miksch, Silvia},
 title = {Connecting Time-oriented Data and Information to a Coherent Interactive Visualization},
 booktitle = {Proceedings of the SIGCHI Conference on Human Factors in Computing Systems},
 series = {CHI '04},
 year = {2004},
 isbn = {1-58113-702-8},
 location = {Vienna, Austria},
 pages = {105--112},
 numpages = {8},
 url = {http://doi.acm.org/10.1145/985692.985706},
 doi = {10.1145/985692.985706},
 acmid = {985706},
 publisher = {ACM},
 address = {New York, NY, USA},
 keywords = {health care, information visualization, medical application: intensive care units, temporal data modeling and abstraction, user interface design, visualization},
} 
