@misc{D3,
	author = {Mike Bostock},
	title = {{Data-Driven Documents library}},
	howpublished = "\url{http://d3js.org/}",
	year = {2013}, 
	publisher={Web Resource},
	note = "[Prístupné online: 14.4.2015]"
}

@misc{Unidata,
	author = {UCAR/Unidata},
	title = {{NetCDF}},
	howpublished = "\url{http://www.unidata.ucar.edu/downloads/netcdf/}",
	year = {2015}, 
	publisher={Web Resource},
	note = "[Prístupné online: 18.3.2015]"
}