@manual{WRF,
author = {William C. Skamarock,
Joseph B. Klemp and
Jimy Dudhia and
David O. Gill and
Dale M. Barker and
Michael G. Duda and
Xiang-Yu Huang and
Wei Wang and
Jordan G. Powers},
title = {A Description of the Advanced Research WRF Version 3},
date = {June 2008},
month = {Jún},
year = {2008},
version = {NCAR/TN–475+STR},
organization = {National Center for Atmospheric Research},
subtitle = {NCAR TECHNICAL NOTE},
chapter = {1}
}

@manual{GRIB1,
author = {WMO},
title = {A GUIDE TO THE CODE FORM FM 92-IX Ext. GRIB Edition 1},
type = {type},
organization = {WMO},
year = {1994},
subtitle = {Technical Report No.17},
language = {english},
number = {17},
version = {WMO TD-No.611},
location = {Geneva},
month = {Máj},
}

@manual{GRIB,
author = {WMO},
title = {A GUIDE TO THE CODE FORM FM 92-IX Ext. GRIB Edition 1},
type = {type},
organization = {WMO},
year = {1994},
subtitle = {Technical Report No.17},
language = {english},
number = {17},
version = {WMO TD-No.611},
location = {Geneva},
month = {Máj}
}

@manual{GRIB12,
author = {WMO},
title = {Introduction to GRIB Edition1 and GRIB Edition 2 },
organization = {WMO},
year = {2003},
language = {english},
number = {17},
version = {2},
location = {Geneva},
month = {Jún}
}

@misc{Products,
  author = {NCEP},
  title = {{Inventory of Data Products on the NOAA Servers}},
  howpublished = "\url{http://www.nco.ncep.noaa.gov/pmb/products/}",
  year = {2014}, 
  month = {November},
  note = "[Prístupné online: 10.11.2014]"
}

@book{WeatherStation,
author = {Tim Vasquez},
title = {Observer Handbook},
publisher = {International Weather Watchers},
year = {1995, 1998},
organization = {Weather Graphics Technologies},
chapter = {The Weather Station},
editorial = {IWW Editorial Board}
}


@book{IntroToVerif,
author = {Tressa L. Fowler and Tara L .Jensen and Barbara G.
Brown},
title = {Introduction to Forecast Verification},
date = {2012},
year = {2012},
organization = {National Center for Atmospheric Research},
location = {Boulder Colorado USA},
publisher={}
}


@book{RecommendOnVerif,
author = {Pertti Nurmi},
title = {Recommendations on the verification of local weather forecasts},
date = {2003},
year = {2003},
month = {Decmeber},
organization = { Finnish Meteorological Institute, Operations Department},
location = {Boulder Colorado USA},
publisher = {European Centre for Medium Range Weather Forecasts}
}


@book{ContinuousVerif,
author = {Barbara Casati},
title = {Verification of continuous predictands},
date = {2009},
month = {Jún},
year = {2009},
publisher = {Joint Working Group on Forecast Verification Research (JWGFVR)}
}



@misc{StatMedian,
  author = {Weisstein, Eric W. },
  title = {{Statistical Median}},
  howpublished = "\url{http://mathworld.wolfram.com/StatisticalMedian.html}",
  year = {2014}, 
  publisher={MathWorld--A Wolfram Web Resource}
}

@book{Comet,
author = {Dr. Arlene Laing and Dr. Jenni-Louise Evans},
title = {Introduction to Tropical Meteorology 2nd Edition},
date = {2011},
year = {2011},
month = {Október},
publisher = {UCAR},
organization = {The COMET Program},
url = "\url{http://www.goes-r.gov/users/comet/tropical/textbook_2nd_edition/index.htm}"
}

@misc{Golding,
author = {Professor Brian Golding},
title = {Weather Forecasting Part 1},
publisher = {Royal Meteorological Society},
howpublished = "\url{http://www.rmets.org/weather-and-climate/weather/weather-forecasting}",
  note = "[Prístupné online: 6.12.2014]"
}

@article{Origins,
author = {Peter Lynch},
title = {The origins of computer weather prediction and
climate modeling},
journal = {Journal of Computational Physics 227 (2008) 3431–3444},
date = {Február 2007},
year = {2007},
month = {Február}
}

@article {MET:MET52,
author = {Casati, B. and Wilson, L. J. and Stephenson, D. B. and Nurmi, P. and Ghelli, A. and Pocernich, M. and Damrath, U. and Ebert, E. E. and Brown, B. G. and Mason, S.},
title = {Forecast verification: current status and future directions},
journal = {Meteorological Applications},
volume = {15},
number = {1},
publisher = {John Wiley \& Sons, Ltd.},
issn = {1469-8080},
url = {http://dx.doi.org/10.1002/met.52},
doi = {10.1002/met.52},
pages = {3--18},
keywords = {spatial verification approaches, probability forecasts and ensemble verification, extreme events verification, operational verification, verification packages, user-oriented verification, value},
year = {2008}
}


@inbook{VerifSoft,
	author	= "Matthew Pocernich",
	editor	= "Ian T. Jolliffe and David B. Stephenson",
	title	= "Forecast Verification: A Practitioner's Guide in Atmospheric Science",
	chapter	= "Appendix - Verification Software",
	publisher = {John Wiley \& Sons, Ltd.},
	edition= "2nd",
	year	= "2011",
	month	= "December",
	pages	= {232--240},
	isbn = {978-0-470-66071-3},
}


@misc{Excel,
	author = {Microsoft},
	title = {{Microsoft Excel}},
	howpublished = "\url{https://products.office.com/en-us/excel}",
	year = {2015}, 
	publisher={Web Resource},
	note = "[Prístupné online: 18.3.2015]"
}


@misc{OpenOfficeCalc,
	author = {Apache OpenOffice},
	title = {{OpenOffice.org Calculate}},
	howpublished = "\url{https://www.openoffice.org/product/calc.html}",
	year = {2015}, 
	publisher={Web Resource},
	note = "[Prístupné online: 18.3.2015]"
}



@misc{OpenOfficeBasic,
	author = {Apache OpenOffice},
	title = {OpenOffice.org BASIC Programming Guide},
	howpublished = "\url{https://wiki.openoffice.org/wiki/Documentation/BASIC_Guide}",
	organization = {Apache OpenOffice},
	year = {2013},
	language = {english},
	month = {Január},
	note = "[Prístupné online: 19.1. 2013]"
}

@misc{VBA,
	author = {Microsoft},
	title = {??? Visual Basic for Applications},
	howpublished = "\url{https://}",
	organization = {Microsoft},
	year = {2013},
	language = {english},
	month = {Január},
	note = "[Prístupné online: 19.1. 2013]"
}


@misc{Matlab,
	author = {The MathWorks, Inc.},
	title = {MATLAB The Language of Technical Computing},
	howpublished = "\url{http://www.mathworks.com/products/matlab/}",
	organization = {The MathWorks, Inc.},
	year = {2015},
	language = {english},
	month = {Marec},
	note = "[Prístupné online: 18.3. 2015]"
}


@book{Tukey,
	author = {John W. Tukey},
	title = {Exploratory Data Analysis},
	date = {1977},
	year = {1977},
	organization = {Princeton University, Department of Statistics},
	publisher={Addison-Wesley}
}


@InCollection{ Potter,
	author =  {Kristin Potter},
	title =   {Methods for Presenting Statistical Information: The Box Plot},
	booktitle = {Visualization of Large and Unstructured Data Sets},
	pages =   "97--106",
	year =   {2006},
	editor = {Hans Hagen and Andreas Kerren and Peter Dannenmann},
	volume = {S-4},
	series = {GI-Edition Lecture Notes in Informatics (LNI)},
}

@TechReport{Wickham,
	author = {Hadley Wickham and Lisa Stryjewski},
	title = {40 years of boxplots},
	institution = {had.co.nz},
	year = {2012},
}

@article{Schwertman,
	author = {Schwertman, Neil C. and Owens, Margaret Ann and Adnan, Robiah},
	added-at = {2007-04-18T00:00:00.000+0200},
	biburl = {http://www.bibsonomy.org/bibtex/24903e8adcfc6bde392a5ab334f98629b/dblp},
	date = {2007-04-18},
	description = {dblp},
	ee = {http://dx.doi.org/10.1016/j.csda.2003.10.012},
	interhash = {25a6e5c3b8191931264ad2027b2aafb6},
	intrahash = {4903e8adcfc6bde392a5ab334f98629b},
	journal = {Computational Statistics \& Data Analysis},
	keywords = {dblp},
	number = 1,
	pages = {165-174},
	timestamp = {2007-06-15T08:14:34.000+0200},
	title = {A simple more general boxplot method for identifying outliers.},
	url = {http://dblp.uni-trier.de/db/journals/csda/csda47.html#SchwertmanOA04},
	volume = 47,
	year = 2004,
}

@book{Tufte83,
	added-at = {2015-01-06T12:24:31.000+0100},
	address = {Cheshire, Connecticut},
	author = {Tufte, Edward R.},
	biburl = {http://www.bibsonomy.org/bibtex/29c028ebcb336380cb02e2a4beaa14d54/ytyoun},
	interhash = {9900880e451150c1b06ede3c780c062b},
	intrahash = {9c028ebcb336380cb02e2a4beaa14d54},
	isbn = {0-9613921-4-2},
	keywords = {imported tufte},
	publisher = {Graphics Press},
	title = {The Visual Display of Quantitative Information},
	year = 1983
}

@TechReport{VisualSummaryPotter,
	author =  {Kristin Potter and Joe Kniss and Richard Riesenfeld},
	title =      {Visual Summary Statistics},
	institution = {University of Utah},
	year =     {2007},
	number = {UUCS-07-004},
}

@book{Spear,
	author = {Spear, Mary Eleanor},
	publisher = { McGraw-Hill Book Company, Inc.},
	title = {Charting Statistics},
	year = 1952
}


@article{Carr,
	author = {Carr, Daniel B.},
	citeulike-article-id = {4280990},
	citeulike-linkout-0 = {http://stat-computing.org/newsletter/v53.pdf},
	journal = {Statistical Computing \& Statistical Graphics Newsletter},
	keywords = {graphic, statistics, visualisation},
	month = dec,
	number = {3},
	pages = {19--23},
	posted-at = {2009-04-07 06:50:34},
	priority = {0},
	title = {{A Colorful Variation On Box Plots}},
	url = {http://stat-computing.org/newsletter/v53.pdf},
	volume = {5},
	year = {1994}
}

@Article{ McGill,
	author = 	 "Robert McGill and John W. Tukey and Wayne A. Larsen",
	title = 	 "Variations of Box Plots",
	journal = 	 "The American Statistician",
	year = 	 "1978",
	volume = 	 "32",
	number = 	 "1",
	pages = 	 "12--16",
	month = 	 "Február",
}


@Article{ Chamnein,
	author = 	 "Chamnein Choonpradub and Don McNeil",
	title = 	 "Can the Box Plot be Improved?",
	journal = 	 "Songklanakarin Journal of Science and Technology",
	year = 	 "2005",
	volume = 	 "27",
	number = 	 "3",
	pages = 	 "649--657",
}

@article{Stock,
	author = {Stock, William and Behrens, John},
	citeulike-article-id = {6247168},
	journal = {Journal of Educational Statistics},
	keywords = {file-import-2009-11-30},
	number = {1},
	pages = {1--20},
	posted-at = {2009-11-30 18:34:57},
	priority = {2},
	title = {{Box, Line, and Midgap Plots: Effects of Display Characteristics on the Accuracy and Bias of Estimates of Whisker Length}},
	volume = {16},
	year = {1991}
}

@Article{ Bagplot,
	author = 	 "Peter J. Rousseeuw and Ida Ruts and John W. Tukey",
	title = 	 "The Bagplot: A Bivariate Boxplot",
	journal = 	 "The American Statistician",
	year = 	 "1999",
	volume = 	 "53",
	number = 	 "4",
	pages = 	 "382--287",
	month = 	 "November",
}


@Article{  Boxplot2D,
	author = 	 "Phattrawan Tongkumchum",
	title = 	 "Two-Dimensional Box Plot",
	journal = 	 "Songklanakarin Journal of Science and Technology",
	year = 	 "2005",
	volume = 	 "27",
	number = 	 "4",
	pages = 	 "859--866",
}

@Article{  HistVasePlot,
	author = 	 "YoavBenjamini",
	title = 	 "Opening the Box of a Boxplot",
	journal = 	 "The American Statistician",
	year = 	 "1988",
	volume = 	 "42",
	number = 	 "4",
	pages = 	 "257--262",
	month = 	 "November",
}

Bibtex:

@Article{ ViolinPlot,
	author = 	 "Jerry L. Hintze and Ray D. Nelson",
	title = 	 "Violin Plots: A Box Plot-Density Trace Synergism",
	journal = 	 "The American Statistician",
	volume = 	 "52",
	number = 	 "2",
	pages = 	 "181--184",
	month = 	 "Máj",
	year = 	 "1998",
}


@book{FanChart,
	author = {Wolfram Fischer},
	publisher = { Z I M – Zentrum für Informatik und wirtschaftliche Medizin.},
	title = {Neue Grafiken zur Datenvisualisierung},
	subtitle = {Band 1: Speichengrafiken, Streuungsfächerkarten, 
	Differenz-, Sequenz- und Wechseldiagramme},
	year = 2010,
}

@article{FunctionalBoxplot,
	author={Ying Sun and Marc G. Genton},
	doi = {10.1198/jcgs.2011.09224},
	issn = {1061-8600},
	journal = {Journal of Computational and Graphical Statistics},
	keywords = {line, outlier, panel\_data, space\_time, visualization},
	month = "Jún",
	number = {2},
	pages = {316--334},
	posted-at = {2011-12-08 20:46:52},
	priority = {0},
	title = {{Functional Boxplots}},
	url = {http://dx.doi.org/10.1198/jcgs.2011.09224},
	volume = {20},
	year = {2011}
}

@article{BandDepth,
	author = {López-Pintado, Sara and Romo, Juan},
	title = {On the Concept of Depth for Functional Data},
	journal = {Journal of the American Statistical Association},
	volume = {104},
	number = {486},
	pages = {718-734},
	year = {2009},
	
}


@article{Liu,
	author = "Liu, Regina Y. and Parelius, Jesse M. and Singh, Kesar",
	doi = "10.1214/aos/1018031260",
	fjournal = "The Annals of Statistics",
	journal = "Ann. Statist.",
	month = "06",
	number = "3",
	pages = "783--858",
	publisher = "The Institute of Mathematical Statistics",
	title = {{Multivariate analysis by data depth: descriptive statistics,
	graphics and inference, (with discussion and a rejoinder by Liu and
	Singh)}},
	url = "http://dx.doi.org/10.1214/aos/1018031260",
	volume = "27",
	year = "1999"
}


@article{Viegas,
 author = {Viegas, Fernanda B. and Wattenberg, Martin and van Ham, Frank and Kriss, Jesse and McKeon, Matt},
 title = {ManyEyes: A Site for Visualization at Internet Scale},
 journal = {IEEE Transactions on Visualization and Computer Graphics},
 issue_date = {November 2007},
 volume = {13},
 number = {6},
 month = nov,
 year = {2007},
 issn = {1077-2626},
 pages = {1121--1128},
 numpages = {8},
 url = {http://dx.doi.org/10.1109/TVCG.2007.70577},
 doi = {10.1109/TVCG.2007.70577},
 acmid = {1313138},
 publisher = {IEEE Educational Activities Department},
 address = {Piscataway, NJ, USA},
 keywords = {Communication-Minded Visualization., Social Data Analysis, Social Software, Visualization, Visualization, World Wide Web, Social Software, Social Data Analysis, Communication-Minded Visualization., World Wide Web},
} 