@inbook{VerifSoft,
	author	= "Matthew Pocernich",
	editor	= "Ian T. Jolliffe and David B. Stephenson",
	title	= "Forecast Verification: A Practitioner's Guide in Atmospheric Science",
	chapter	= "Appendix - Verification Software",
	publisher = {John Wiley \& Sons, Ltd.},
	edition= "2nd",
	year	= "2011",
	month	= "December",
	pages	= {232--240},
	isbn = {978-0-470-66071-3},
}


@misc{Excel,
	author = {Microsoft},
	title = {{Microsoft Excel}},
	howpublished = "\url{https://products.office.com/en-us/excel}",
	year = {2015}, 
	publisher={Web Resource},
	note = "[Prístupné online: 18.3.2015]"
}


@misc{OpenOfficeCalc,
	author = {Apache OpenOffice},
	title = {{OpenOffice.org Calculate}},
	howpublished = "\url{https://www.openoffice.org/product/calc.html}",
	year = {2015}, 
	publisher={Web Resource},
	note = "[Prístupné online: 18.3.2015]"
}



@misc{OpenOfficeBasic,
	author = {Apache OpenOffice},
	title = {OpenOffice.org BASIC Programming Guide},
	howpublished = "\url{https://wiki.openoffice.org/wiki/Documentation/BASIC_Guide}",
	organization = {Apache OpenOffice},
	year = {2013},
	language = {english},
	month = {Január},
	note = "[Prístupné online: 19.1. 2013]"
}

@misc{VBA,
	author = {Microsoft},
	title = {??? Visual Basic for Applications},
	howpublished = "\url{https://}",
	organization = {Microsoft},
	year = {2013},
	language = {english},
	month = {Január},
	note = "[Prístupné online: 19.1. 2013]"
}


@misc{Matlab,
	author = {The MathWorks, Inc.},
	title = {MATLAB The Language of Technical Computing},
	howpublished = "\url{http://www.mathworks.com/products/matlab/}",
	organization = {The MathWorks, Inc.},
	year = {2015},
	language = {english},
	month = {Marec},
	note = "[Prístupné online: 18.3. 2015]"
}


@misc{RProject,
	author = {The R Foundation},
	title = {{The R Project for Statistical Computing}},
	howpublished = "\url{http://www.r-project.org/}",
	organization = {The R Foundation},
	year = {2015},
	language = {english},
	month = {Marec},
	note = "[Prístupné online: 19.3. 2015]"
}


@manual{VerifPackage,
	author = {NCAR - Research Applications Laboratory},
	title = {Weather Forecast Verification Utilities},
	organization = {NCAR},
	year = {2014},
	subtitle = {Package ‘verification’},
	language = {english},
	month = {Júl},
}

@misc{SAS,
	author = {SAS Institute},
	title = {{Statistical Analysis Software}},
	howpublished = "\url{http://www.sas.com}",
	organization = {SAS Institute},
	year = {2015},
	language = {english},
	month = {Marec},
	note = "[Prístupné online: 19.3. 2015]"
}

@misc{IDL,
	author = {Exelis Visual Information Solutions},
	title = {{Interactive Data Language}},
	howpublished = "\url{http://www.exelisvis.com/ProductsServices/IDL.aspx}",
	organization = {Exelis Visual Information Solutions},
	year = {2015},
	language = {english},
	month = {Marec},
	note = "[Prístupné online: 19.3. 2015]"
}

@misc{NCL,
	author = {UCAR},
	title = {{NCAR Command Language}},
	howpublished = "\url{http://www.ncl.ucar.edu/}",
	organization = {UCAR},
	year = {2015},
	language = {english},
	month = {Marec},
	note = "[Prístupné online: 19.3. 2015]"
}

@misc{MET,
	author = {Developmental Testbed Center, DTC},
	title = {{Model Evaluation Tools}},
	howpublished = "\url{http://www.dtcenter.org/met/users/}",
	organization = {DTC},
	year = {2015},
	language = {english},
	month = {Marec},
	note = "[Prístupné online: 25.3. 2015]"
}

@manual{METuserguide,
	author = {Developmental Testbed Center},
	title = {Model Evaluation Tools Version 5.0, User’s Guide 5.0},
	organization = {DTC},
	year = {2014},
	language = {english},
	number = {5.0},
	version = {WMO TD-No.611},
	location = {Boulder, Colorado, USA},
	month = {September}
}

@misc{METviewer,
	author = {P. Oldenburg and J.Halley Gotway and T. Jensen},
	title = {{Model Evaluation Tools (MET) verification statistics visualization}},
	date = {2011},
	year = {2011},
	note = {\textit{METViewer}},
	titleaddon = {METViewer},
	language = {english},
	organization = {NCAR, RAL, DTC, UCAR},
}

@manual{EVSmanual,
	author = {Dr. James D. Brown},
	title = {Ensemble Verification Service (EVS) version 5.4 User's Manual},
	organization = {National Weather Service’s Office of Hydrologic Development
	(OHD)},
	year = {2015},
	language = {english},
	number = {5.4},
	location = {Hydrologic Solutions Limited, Southampton, UK.},
	month = {Marec}
}

@misc{EVS,
	author = {National Weather Service, NWS},
	title = {{The Ensemble Verification System (EVS)}},
	howpublished = "\url{http://amazon.nws.noaa.gov/ohd/evs/evs.html}",
	organization = {National Weather Service (NWS)},
	year = {2015},
	language = {english},
	month = {Marec},
	note = "[Prístupné online: 23.3. 2015]"
}