@book{Tukey,
	author = {John W. Tukey},
	title = {Exploratory Data Analysis},
	date = {1977},
	year = {1977},
	organization = {Princeton University, Department of Statistics},
	publisher={Addison-Wesley}
}


@InCollection{ Potter,
	author =  {Kristin Potter},
	title =   {Methods for Presenting Statistical Information: The Box Plot},
	booktitle = {Visualization of Large and Unstructured Data Sets},
	pages =   "97--106",
	year =   {2006},
	editor = {Hans Hagen and Andreas Kerren and Peter Dannenmann},
	volume = {S-4},
	series = {GI-Edition Lecture Notes in Informatics (LNI)},
}

@TechReport{Wickham,
	author = {Hadley Wickham and Lisa Stryjewski},
	title = {40 years of boxplots},
	institution = {had.co.nz},
	year = {2012},
}

@article{Schwertman,
	author = {Schwertman, Neil C. and Owens, Margaret Ann and Adnan, Robiah},
	added-at = {2007-04-18T00:00:00.000+0200},
	biburl = {http://www.bibsonomy.org/bibtex/24903e8adcfc6bde392a5ab334f98629b/dblp},
	date = {2007-04-18},
	description = {dblp},
	ee = {http://dx.doi.org/10.1016/j.csda.2003.10.012},
	interhash = {25a6e5c3b8191931264ad2027b2aafb6},
	intrahash = {4903e8adcfc6bde392a5ab334f98629b},
	journal = {Computational Statistics \& Data Analysis},
	keywords = {dblp},
	number = 1,
	pages = {165-174},
	timestamp = {2007-06-15T08:14:34.000+0200},
	title = {A simple more general boxplot method for identifying outliers.},
	url = {http://dblp.uni-trier.de/db/journals/csda/csda47.html#SchwertmanOA04},
	volume = 47,
	year = 2004,
}

@book{Tufte83,
	added-at = {2015-01-06T12:24:31.000+0100},
	address = {Cheshire, Connecticut},
	author = {Tufte, Edward R.},
	biburl = {http://www.bibsonomy.org/bibtex/29c028ebcb336380cb02e2a4beaa14d54/ytyoun},
	interhash = {9900880e451150c1b06ede3c780c062b},
	intrahash = {9c028ebcb336380cb02e2a4beaa14d54},
	isbn = {0-9613921-4-2},
	keywords = {imported tufte},
	publisher = {Graphics Press},
	title = {The Visual Display of Quantitative Information},
	year = 1983
}

@TechReport{VisualSummaryPotter,
	author =  {Kristin Potter and Joe Kniss and Richard Riesenfeld},
	title =      {Visual Summary Statistics},
	institution = {University of Utah},
	year =     {2007},
	number = {UUCS-07-004},
}

@book{Spear,
	author = {Spear, Mary Eleanor},
	publisher = { McGraw-Hill Book Company, Inc.},
	title = {Charting Statistics},
	year = 1952
}


@article{Carr,
	author = {Carr, Daniel B.},
	citeulike-article-id = {4280990},
	citeulike-linkout-0 = {http://stat-computing.org/newsletter/v53.pdf},
	journal = {Statistical Computing \& Statistical Graphics Newsletter},
	keywords = {graphic, statistics, visualisation},
	month = dec,
	number = {3},
	pages = {19--23},
	posted-at = {2009-04-07 06:50:34},
	priority = {0},
	title = {{A Colorful Variation On Box Plots}},
	url = {http://stat-computing.org/newsletter/v53.pdf},
	volume = {5},
	year = {1994}
}

@Article{ McGill,
	author = 	 "Robert McGill and John W. Tukey and Wayne A. Larsen",
	title = 	 "Variations of Box Plots",
	journal = 	 "The American Statistician",
	year = 	 "1978",
	volume = 	 "32",
	number = 	 "1",
	pages = 	 "12--16",
	month = 	 "Február",
}


@Article{ Chamnein,
	author = 	 "Chamnein Choonpradub and Don McNeil",
	title = 	 "Can the Box Plot be Improved?",
	journal = 	 "Songklanakarin Journal of Science and Technology",
	year = 	 "2005",
	volume = 	 "27",
	number = 	 "3",
	pages = 	 "649--657",
}

@article{Stock,
	author = {Stock, William and Behrens, John},
	citeulike-article-id = {6247168},
	journal = {Journal of Educational Statistics},
	keywords = {file-import-2009-11-30},
	number = {1},
	pages = {1--20},
	posted-at = {2009-11-30 18:34:57},
	priority = {2},
	title = {{Box, Line, and Midgap Plots: Effects of Display Characteristics on the Accuracy and Bias of Estimates of Whisker Length}},
	volume = {16},
	year = {1991}
}

@Article{ Bagplot,
	author = 	 "Peter J. Rousseeuw and Ida Ruts and John W. Tukey",
	title = 	 "The Bagplot: A Bivariate Boxplot",
	journal = 	 "The American Statistician",
	year = 	 "1999",
	volume = 	 "53",
	number = 	 "4",
	pages = 	 "382--287",
	month = 	 "November",
}


@Article{  Boxplot2D,
	author = 	 "Phattrawan Tongkumchum",
	title = 	 "Two-Dimensional Box Plot",
	journal = 	 "Songklanakarin Journal of Science and Technology",
	year = 	 "2005",
	volume = 	 "27",
	number = 	 "4",
	pages = 	 "859--866",
}

@Article{  HistVasePlot,
	author = 	 "YoavBenjamini",
	title = 	 "Opening the Box of a Boxplot",
	journal = 	 "The American Statistician",
	year = 	 "1988",
	volume = 	 "42",
	number = 	 "4",
	pages = 	 "257--262",
	month = 	 "November",
}

Bibtex:

@Article{ ViolinPlot,
	author = 	 "Jerry L. Hintze and Ray D. Nelson",
	title = 	 "Violin Plots: A Box Plot-Density Trace Synergism",
	journal = 	 "The American Statistician",
	volume = 	 "52",
	number = 	 "2",
	pages = 	 "181--184",
	month = 	 "Máj",
	year = 	 "1998",
}


@book{FanChart,
	author = {Wolfram Fischer},
	publisher = { Z I M – Zentrum für Informatik und wirtschaftliche Medizin.},
	title = {Neue Grafiken zur Datenvisualisierung},
	subtitle = {Band 1: Speichengrafiken, Streuungsfächerkarten, 
	Differenz-, Sequenz- und Wechseldiagramme},
	year = 2010,
}