@inproceedings{Patterns,
 author = {Elmqvist, Niklas and Yi, Ji Soo},
 title = {Patterns for Visualization Evaluation},
 booktitle = {Proceedings of the 2012 BELIV Workshop: Beyond Time and Errors - Novel Evaluation Methods for Visualization},
 series = {BELIV '12},
 year = {2012},
 isbn = {978-1-4503-1791-7},
 location = {Seattle, Washington, USA},
 pages = {12:1--12:8},
 articleno = {12},
 numpages = {8},
 url = {http://doi.acm.org/10.1145/2442576.2442588},
 doi = {10.1145/2442576.2442588},
 acmid = {2442588},
 publisher = {ACM},
 address = {New York, NY, USA},
} 


@inproceedings{WebBasedUserTest,
	added-at = {2012-03-26T00:00:00.000+0200},
	author = {Vogel, Bahtijar and Kurti, Arianit and Milrad, Marcelo and Kerren, Andreas},
	biburl = {http://www.bibsonomy.org/bibtex/20319998e0e0eebe1533e3b48630577b6/dblp},
	booktitle = {CIT},
	crossref = {conf/IEEEcit/2011},
	ee = {http://doi.ieeecomputersociety.org/10.1109/CIT.2011.68},
	interhash = {d18f8166e564060cf5072e3ddfe01e32},
	intrahash = {0319998e0e0eebe1533e3b48630577b6},
	isbn = {978-0-7695-4388-8},
	keywords = {dblp},
	pages = {403-408},
	publisher = {IEEE Computer Society},
	timestamp = {2012-03-27T11:35:42.000+0200},
	title = {An Interactive Web-Based Visualization Tool in Action: User Testing and Usability Aspects.},
	url = {http://dblp.uni-trier.de/db/conf/IEEEcit/IEEEcit2011.html#VogelKMK11},
	year = 2011
}