@manual{WRF,
author = {William C. Skamarock,
Joseph B. Klemp and
Jimy Dudhia and
David O. Gill and
Dale M. Barker and
Michael G. Duda and
Xiang-Yu Huang and
Wei Wang and
Jordan G. Powers},
title = {A Description of the Advanced Research WRF Version 3},
date = {June 2008},
month = {Jún},
year = {2008},
version = {NCAR/TN–475+STR},
organization = {National Center for Atmospheric Research},
subtitle = {NCAR TECHNICAL NOTE},
chapter = {1}
}

@manual{GRIB1,
author = {WMO},
title = {A GUIDE TO THE CODE FORM FM 92-IX Ext. GRIB Edition 1},
type = {type},
organization = {WMO},
year = {1994},
subtitle = {Technical Report No.17},
language = {english},
number = {17},
version = {WMO TD-No.611},
location = {Geneva},
month = {Máj},
}

@manual{GRIB,
author = {WMO},
title = {A GUIDE TO THE CODE FORM FM 92-IX Ext. GRIB Edition 1},
type = {type},
organization = {WMO},
year = {1994},
subtitle = {Technical Report No.17},
language = {english},
number = {17},
version = {WMO TD-No.611},
location = {Geneva},
month = {Máj}
}

@manual{GRIB12,
author = {WMO},
title = {Introduction to GRIB Edition1 and GRIB Edition 2 },
organization = {WMO},
year = {2003},
language = {english},
number = {17},
version = {2},
location = {Geneva},
month = {Jún}
}

@misc{Products,
  author = {NCEP},
  title = {{Inventory of Data Products on the NOAA Servers}},
  howpublished = "\url{http://www.nco.ncep.noaa.gov/pmb/products/}",
  year = {2014}, 
  month = {November},
  note = "[Prístupné online: 10.11.2014]"
}

@book{WeatherStation,
author = {Tim Vasquez},
title = {Observer Handbook},
publisher = {International Weather Watchers},
year = {1995, 1998},
organization = {Weather Graphics Technologies},
chapter = {The Weather Station},
editorial = {IWW Editorial Board}
}


@book{IntroToVerif,
author = {Tressa L. Fowler and Tara L .Jensen and Barbara G.
Brown},
title = {Introduction to Forecast Verification},
date = {2012},
year = {2012},
organization = {National Center for Atmospheric Research},
location = {Boulder Colorado USA},
publisher={}
}


@book{RecommendOnVerif,
author = {Pertti Nurmi},
title = {Recommendations on the verification of local weather forecasts},
date = {2003},
year = {2003},
month = {Decmeber},
organization = { Finnish Meteorological Institute, Operations Department},
location = {Boulder Colorado USA},
publisher = {European Centre for Medium Range Weather Forecasts}
}


@book{ContinuousVerif,
author = {Barbara Casati},
title = {Verification of continuous predictands},
date = {2009},
month = {Jún},
year = {2009},
publisher = {Joint Working Group on Forecast Verification Research (JWGFVR)}
}



@misc{StatMedian,
  author = {Weisstein, Eric W. },
  title = {{Statistical Median}},
  howpublished = "\url{http://mathworld.wolfram.com/StatisticalMedian.html}",
  year = {2014}, 
  publisher={MathWorld--A Wolfram Web Resource}
}

@book{Comet,
author = {Dr. Arlene Laing and Dr. Jenni-Louise Evans},
title = {Introduction to Tropical Meteorology 2nd Edition},
date = {2011},
year = {2011},
month = {Október},
publisher = {UCAR},
organization = {The COMET Program},
url = "\url{http://www.goes-r.gov/users/comet/tropical/textbook_2nd_edition/index.htm}"
}

@misc{Golding,
author = {Professor Brian Golding},
title = {Weather Forecasting Part 1},
publisher = {Royal Meteorological Society},
howpublished = "\url{http://www.rmets.org/weather-and-climate/weather/weather-forecasting}",
  note = "[Prístupné online: 6.12.2014]"
}

@article{Origins,
author = {Peter Lynch},
title = {The origins of computer weather prediction and
climate modeling},
journal = {Journal of Computational Physics 227 (2008) 3431–3444},
date = {Február 2007},
year = {2007},
month = {Február}
}

@article {MET:MET52,
author = {Casati, B. and Wilson, L. J. and Stephenson, D. B. and Nurmi, P. and Ghelli, A. and Pocernich, M. and Damrath, U. and Ebert, E. E. and Brown, B. G. and Mason, S.},
title = {Forecast verification: current status and future directions},
journal = {Meteorological Applications},
volume = {15},
number = {1},
publisher = {John Wiley \& Sons, Ltd.},
issn = {1469-8080},
url = {http://dx.doi.org/10.1002/met.52},
doi = {10.1002/met.52},
pages = {3--18},
keywords = {spatial verification approaches, probability forecasts and ensemble verification, extreme events verification, operational verification, verification packages, user-oriented verification, value},
year = {2008}
}
